@article{azuma,
  year =         2001,
  title =        {Recent Advances in Augmented Reality},
  author =       {Ronald Azuma, Yohan Baillot, Reinhod Behringer, Steven Feiner, Simon Julier, Blair MacIntyre},
  language =     {English}
}

@article{multifi,
  year =         2015,
  title =        {MultiFi: Multi-Fidelity Interaction with Displays On and Around the BodyReality},
  author =       {Jens Grubert, Matthias Heinisch, Aaron Quigley, Dieter Schmalstieg},
  language =     {English}
}

@article{kim,
  year =         2012,
  title =        {A User Study Trends in Augmented Reality and Virtual Reality Research},
  author =       {Si Jung Jun Kim},
  language =     {English}
}

@article{skin,
  year =         2016,
  title =        {SkinTrack: Using the Body as an Electrical Waveguide for Continuous Finger Tracking on the Skin},
  author =       {Yang Zhang, Junhan Zhou, Gierad Laput, Chris Harrison},
  language =     {English}
}
